@misc{WHO2022,
  author = {{World Health Organization}},
  title = {{Launch of WHO's Parkinson Disease Technical Brief}},
  url = {{
         https://www.who.int/news/item/14-06-2022-launch-of-who-s-parkinson-disease-technical-brief
         }},
  note = {Accessed: 2025-01-15},
}

@misc{IndianaParkinson,
  author = {{Indiana Parkinson Foundation}},
  title = {{Speech and Swallowing Disorders in Parkinson Disease}},
  url = {{
         https://www.indianaparkinson.org/speech-and-swallowing-disorders-in-parkinson-disease
         }},
  note = {Accessed: 2025-01-15},
}

@misc{SpringerSpeechProcessing,
  author = {Springer},
  title = {{Speech Processing for Early PD Diagnosis}},
  year = {2023},
  url = {https://link.springer.com/article/10.1007/s10772-023-10070-9},
  note = {Accessed: 2025-01-15},
}

@misc{SpringerMLPD,
  author = {Springer},
  title = {{Machine Learning for PD Diagnosis Using Speech Analysis}},
  year = {2023},
  url = {https://link.springer.com/article/10.1007/s13278-022-00905-9},
  note = {Accessed: 2025-01-15},
}

@misc{AIPDNN,
  author = {{AIP Publishing}},
  title = {{Parkinson's Disease Detection from Voice Using Artificial
           Intelligence}},
  year = {2024},
  url = {
         https://pubs.aip.org/aip/acp/article/3232/1/040010/3316679/Parkinson-s-disease-detection-from-voice-using
         },
  note = {Accessed: 2025-01-15},
}
